@conference{jcaff,
  author         = {Caffery, J.J. },
  year           = 2000,
  pages          = {1943-1949},
  title          = {A {N}ew {A}pproach to the {G}eometry of {TOA L}ocation },
  booktitle      = {IEEE VTS Fall VTC 2000},
}

@conference{wylie,
	author={Marilynn P. Wylie and Jack Holtzman},
	title={The {N}on-{L}ine of {S}ight {P}roblem in {M}obile {L}ocation {E}stimation},
	year={1996},
	volume = {2},
	pages={827 - 831},
	booktitle ={IEEE ICUPC 1996}
}

@conference{pichun,
  author         = {Chen, Pi-Chun. },
  year           = 1999,
  pages          = {316 - 320},
  title          = {A {N}on-{L}ine-of-{S}ight {E}rror {M}itigation {A}lgorithm in {L}ocation {E}stimation },
  booktitle      = {IEEE WCNC 1999},
}

@article{foy,
	author={Foy,W.},
	title={Position-{L}ocation {S}olutions by {T}aylor {S}eries {E}stimation},
	journal={IEEE Trans. Aerosp. Electron. Syst},
	volume={AES-12},
	year={1976},
	pages={187 - 193},
	month={March},
}

@book{ gill,
    author = "Philip E. Gill and Walter Murray and Margaret H. Wright",
    title = "Practical Optimization",
    publisher = "Academic Press",
    address = "Boston, MA, USA",
    isbn = "0-12-283950-1 (hardcover), 0-12-283952-8 (paperback)",
    pages = "xvi + 401",
    year = "1981"
}

@conference{xiong,
  author         = {Xiong, Li. },
  year           = 1998,
  pages          = {461 - 465},
  volume =  {1},
  title          = {A {S}elective {M}odel to {S}uppress {NLOS} {S}ignals in {A}ngle-of-{A}rrival({AOA}) {L}ocation {E}stimation },
  booktitle      = {IEEE PIMRC 1998},
}

@Article{djtorr,
  Author         = "D.J. Torrieri",
  Title          = "Statistical {T}heory of {P}assive {L}ocation {S}ystems",
  Journal        = "IEEE Transactions on Aerospace and Electronic Systems",
  Volume         = "AES-20",
  Pages          = "183-197",
  month          = mar,
  year           = 1984,
}

@conference{spirito,
  author         = {Spirito, Maurizio.A. },
  year           = 2000,
  pages          = {1583-1589},
  volume         = 4,
  title          = {{M}obile {S}tation {L}ocation with {H}eterogeneous {D}ata },
  booktitle      = {IEEE VTS Fall VTC 2000},
}

@conference{silve96,
	author={Marko I.Silventoinen and Timo Rantalainen},
	title={Mobile {S}tation {E}mergency {L}ocating in {GSM}},
	year={1996},
	pages={232-238},
	booktitle={IEEE International Conference on  Personal Wireless Communications}
}

@conference{mpwgss,
	author={Marilynn P.Wylie-Green and S.S.(Peter)Wang},
	title={Robust {R}ange {E}stimation in the {P}resence of the {N}on-{L}ine-of-{S}ight {E}rror},
	year={2001},
	pages={101-105},
	volume= 1,
	booktitle={IEEE VTS Fall VTC 2001}
}

@misc{ FCC, 
           	 author = "FCC",
	 title = "Revision of the {C}ommissions {R}ules to {I}nsure {C}ompatibility with {E}nhanced 911 {E}mergency {C}alling {S}ystems", 	
	 text = "FCC Docket No. 94-102. Revision of the commissions rules to insure compatibility with enhanced 911emergency calling systems. Technical Report RM-8143, July 1996.",
	year = "1996" } 

@book{ vanRooyen,
    author = "Peter van Rooyen and Michiel Lotter and Danie van Wyk",
    title = "Space-Time Processing for CDMA Mobile Communications",
    publisher = "Kluwer Academic Publishers",
     year = "2000"
}
